@article{Liu:2005:MM:1073204.1073223,
 author = {Liu, Ce and Torralba, Antonio and Freeman, William T. and Durand, Fr{\'e}do and Adelson, Edward H.},
 title = {Motion Magnification},
 journal = {ACM Trans. Graph.},
 issue_date = {July 2005},
 volume = {24},
 number = {3},
 month = jul,
 year = {2005},
 issn = {0730-0301},
 pages = {519--526},
 numpages = {8},
 url = {http://doi.acm.org/10.1145/1073204.1073223},
 doi = {10.1145/1073204.1073223},
 acmid = {1073223},
 publisher = {ACM},
 address = {New York, NY, USA},
 keywords = {computer vision, motion processing, video processing, video-based rendering},
} 

@article{Wu:2012:EVM:2185520.2185561,
    author = {Wu, Hao-Yu and Rubinstein, Michael and Shih, Eugene and Guttag, John and Durand, Fr{\'e}do and Freeman, William},
    title = {Eulerian Video Magnification for Revealing Subtle Changes in the World},
    journal = {ACM Trans. Graph.},
    issue_date = {July 2012},
    volume = {31},
    number = {4},
    month = jul,
    year = {2012},
    issn = {0730-0301},
    pages = {65:1--65:8},
    articleno = {65},
    numpages = {8},
    url = {http://doi.acm.org/10.1145/2185520.2185561},
    doi = {10.1145/2185520.2185561},
    acmid = {2185561},
    publisher = {ACM},
    address = {New York, NY, USA},
    keywords = {Eulerian motion, motion magnification, spatio-temporal analysis, video-based rendering},
}

@article{Wadhwa:2013:PVM:2461912.2461966,
    author = {Wadhwa, Neal and Rubinstein, Michael and Durand, Fr{\'e}do and Freeman, William T.},
    title = {Phase-based Video Motion Processing},
    journal = {ACM Trans. Graph.},
    issue_date = {July 2013},
    volume = {32},
    number = {4},
    month = jul,
    year = {2013},
    issn = {0730-0301},
    pages = {80:1--80:10},
    articleno = {80},
    numpages = {10},
    url = {http://doi.acm.org/10.1145/2461912.2461966},
    doi = {10.1145/2461912.2461966},
    acmid = {2461966},
    publisher = {ACM},
    address = {New York, NY, USA},
    keywords = {Eulerian motion, spatio-temporal analysis, video magnification, video-based rendering},
}

@article{Aubakir2016VitalSM,
  title={Vital sign monitoring utilizing Eulerian video magnification and thermography},
  author={Bauyrzhan Aubakir and Birzhan Nurimbetov and Iliyas Tursynbek and Huseyin Atakan Varol},
  journal={2016 38th Annual International Conference of the IEEE Engineering in Medicine and Biology Society (EMBC)},
  year={2016},
  pages={3527-3530}
}